@unpublished{Schaer2020,
	author = {Sch√§r, Fabian},
	year = {2020},
	month = {03},
	pages = {},
	title = {Decentralized Finance: On Blockchain- and Smart Contract-based Financial Markets},
	doi = {10.13140/RG.2.2.18469.65764},
	note = {preprint}
}
@misc{GNOSIS2019,
	annote = {commit=8dd0ac0ad0e818223964b93a47bb25778ba7ad0f},
	author = {GNOSIS},
	type = {GitHub repository},
	keywords = {Ethereum, Multisig Wallet},
	title = {gnosis/MultiSigWallet: Allows multiple parties to agree on transactions before execution},
	url = {https://github.com/gnosis/MultiSigWallet},
	urldate = {2020-02-26},
	year = {2019}
}