Automatically generated by Mendeley Desktop 1.19.4
Any changes to this file will be lost if it is regenerated by Mendeley.

BibTeX export options can be customized via Options -> BibTeX in Mendeley Desktop

@article{ElectricCapital2019,
author = {{Electric Capital}},
file = {:C$\backslash$:/Users/Matthias/Documents/{\_}uni/fs2020/blockchain{\_}literature/dev{\_}report{\_}H1{\_}2019.pdf:pdf},
number = {August},
pages = {104},
title = {{Developer Report}},
year = {2019}
}
@misc{GNOSISLtd.2019,
annote = {commit=8dd0ac0ad0e818223964b93a47bb25778ba7ad0f},
author = {{GNOSIS Ltd.}},
booktitle = {GitHub repository},
keywords = {Ethereum,Multisig Wallet},
mendeley-tags = {Ethereum,Multisig Wallet},
title = {{gnosis/MultiSigWallet: Allows multiple parties to agree on transactions before execution.}},
url = {https://github.com/gnosis/MultiSigWallet},
urldate = {2020-02-26},
year = {2019}
}
@book{Lewis2018,
abstract = {Introduction -- Money -- Digital money -- Cryptography -- Cryptocurrencies -- Digital tokens -- Blockchain technology -- Initial coin offerings -- Investing -- Conclusion},
author = {Lewis, Antony},
isbn = {1633538001},
pages = {408},
publisher = {Mango Publishing},
title = {{The basics of bitcoins and blockchains : an introduction to cryptocurrencies and the technology that powers them}},
url = {https://xsava.xyz/ebooks/The{\_}Basics{\_}of{\_}Bitcoins{\_}and{\_}Blockchains.html},
year = {2018}
}
@book{Schaer2017,
abstract = {Die Blockchain wird als Innovation des Jahrzehnts gehandelt und hat das Potential die Welt auf {\"{a}}hnliche Weise zu ver{\"{a}}ndern, wie dies das Aufkommen des Internets tat.$\backslash$r$\backslash$nDieses Buch beinhaltet s{\"{a}}mtliche Informationen, die zum Verst{\"{a}}ndnis dieser faszinierenden Technologie ben{\"{o}}tigt werden.$\backslash$r$\backslash$nDer interdisziplin{\"{a}}re Blickwinkel und die fachliche Vollst{\"{a}}ndigkeit sorgen daf{\"{u}}r, dass das Buch f{\"{u}}r Neueinsteiger und Fortgeschrittene gleicherma{\ss}en interessant und lesenswert ist. Damit wird es zur unverzichtbaren Lekt{\"{u}}re f{\"{u}}r alle, die sich mit dem Thema auseinandersetzen m{\"{o}}chten.},
author = {Berentsen, Aleksander and Sch{\"{a}}r, Fabian},
booktitle = {Basel Verlag},
edition = {1. Edition},
isbn = {978-37-38653-02-2},
pages = {359},
title = {{Bitcoin, Blockchain und Kryptoassets}},
year = {2017}
}
